@inproceedings{do2024interpretable,
  author    = {Tam Thuc Do and Parham Eftekhar and Seyed Alireza Hosseini and Gene Cheung and Philip A. Chou},
  title     = {Interpretable Lightweight Transformer via Unrolling of Learned Graph Smoothness Priors},
  booktitle = {Proceedings of the 38th Conference on Neural Information Processing Systems (NeurIPS 2024)},
  year      = {2024},
  address   = {Vancouver, Canada},
  publisher = {PMLR}
}

@article{shuman2013emerging,
  title={The emerging field of signal processing on graphs: Extending high-dimensional data analysis to networks and other irregular domains},
  author={Shuman, David I and Narang, Sunil K and Frossard, Pascal and Ortega, Antonio and Vandergheynst, Pierre},
  journal={IEEE Signal Processing Magazine},
  volume={30},
  number={3},
  pages={83--98},
  year={2013},
  publisher={IEEE}
}

@article{ortega2018graph,
  title={Graph signal processing: Overview, challenges, and applications},
  author={Ortega, Antonio and Frossard, Pascal and Kovacevic, Jelena and Moura, Jos{\'e} MF and Vandergheynst, Pierre},
  journal={Proceedings of the IEEE},
  volume={106},
  number={5},
  pages={808--828},
  year={2018},
  publisher={IEEE}
}

@inproceedings{cheung2018graph,
  title={Graph spectral image processing},
  author={Cheung, Gene and Leus, Geert and Ortega, Antonio},
  booktitle={Proceedings of the IEEE},
  volume={106},
  number={5},
  pages={907--930},
  year={2018}
}

@article{hu2020feature,
  title={Feature graph learning for 3D point cloud denoising},
  author={Hu, Wei and Gao, Xiang and Cheung, Gene and Guo, Zongming},
  journal={IEEE Transactions on Signal Processing},
  volume={68},
  pages={2841--2856},
  year={2020},
  publisher={IEEE}
}

@techreport{shewchuk1994introduction,
  title={An introduction to the conjugate gradient method without the agonizing pain},
  author={Shewchuk, Jonathan Richard},
  year={1994},
  institution={Pittsburgh, PA, USA: Carnegie Mellon University}
}

@inproceedings{wang2017new,
  title={A new alternating direction method for linear programming},
  author={Wang, Sinong and Shroff, Ness},
  booktitle={Advances in Neural Information Processing Systems},
  volume={30},
  year={2017}
}

@article{zhang2011color,
  title={Color demosaicking by local directional interpolation and nonlocal adaptive thresholding},
  author={Zhang, Lei and Wu, Xiaolin and Buades, Antoni and Li, Xin},
  journal={Journal of Electronic Imaging},
  volume={20},
  number={2},
  pages={023016--023016},
  year={2011}
}

@misc{kodak1993,
  title={Kodak lossless true color image suite (photocd pcd0992)},
  author={{Eastman Kodak}},
  year={1993},
  note={\url{http://r0k.us/graphics/kodak}}
}

@inproceedings{huang2015single,
  title={Single image super-resolution from transformed self-exemplars},
  author={Huang, Jia-Bin and Singh, Abhishek and Ahuja, Narendra},
  booktitle={Proceedings of the IEEE conference on computer vision and pattern recognition},
  pages={5197--5206},
  year={2015}
}

@article{wang2004image,
  title={Image quality assessment: From error visibility to structural similarity},
  author={Wang, Zhou and Bovik, Alan C and Sheikh, Hamid R and Simoncelli, Eero P},
  journal={IEEE Transactions on Image Processing},
  volume={13},
  number={4},
  pages={600--612},
  year={2004}
}

@article{ji2020image,
  title={Image interpolation using multi-scale attention-aware inception network},
  author={Ji, Jiahuan and Zhong, Baojiang and Ma, Kai-Kuang},
  journal={IEEE Transactions on Image Processing},
  volume={29},
  pages={9413--9428},
  year={2020},
  publisher={IEEE}
}

@inproceedings{liang2021swinir,
  title={SwinIR: Image restoration using swin transformer},
  author={Liang, Jingyun and Cao, Jiezhang and Sun, Guolei and Zhang, Kai and Van Gool, Luc and Timofte, Radu},
  booktitle={Proceedings of the IEEE/CVF International Conference on Computer Vision (ICCV) Workshops},
  pages={1833--1844},
  year={2021}
}

@article{batreddy2025inpainting,
  title={Inpainting-Driven Graph Learning via Explainable Neural Networks},
  author={Subbareddy Batreddy and Pushkal Mishra and Yaswanth Kakarla and Aditya Siripuram},
  journal={IEEE Signal Processing Letters},
  volume={32},
  pages={111--115},
  year={2025},
  publisher={IEEE},
  doi={10.1109/LSP.2024.3501273}
}

@inproceedings{xing2022residual,
  title={Residual spatial-transformer channel attention network for image demosaicking},
  author={Xing, Mengqi and Liu, Yu and Ye, Peng and Zhu, Liguo and Yang, Qinghua and Wang, Cong},
  booktitle={Proceedings of the IEEE/CVF Conference on Computer Vision and Pattern Recognition},
  pages={1852--1861},
  year={2022}
}